@Book{eurostat2011,
  author = {Eurostat},
  title = {Regions in the European Union. Nomenclature of territorial units for statistics NUTS 2010/EU-27},
  year = {2011},
  publisher = {Publications Office of the European Union, Eurostat Methodologies and Working Paper},
  address = {Luxembourg},
  note = {\url{http://ec.europa.eu/eurostat/documents/3859598/5916917/KS-RA-11-011-EN.PDF}},
}

@Book{eurostat2010,
  author = {Eurostat},
  title = {Income poverty and material deprivation in European countries},
  year = {2010},
  publisher = {Publications Office of the European Union, Eurostat Methodologies and Working Paper},
  address = {Luxembourg},
  note = {\url{https://publications.europa.eu/pl/publication-detail/-/publication/e43c96bb-88b6-449e-a335-cb183006e2c5}},
}

@Article{drewnowski1977,
  author = {Jan Drewnowski},
  title = {Poverty: its meaning and measurement},
  journal = {Development and Change},
  year = {1977},
  volume = {8},
  pages = {183--208},
}

@Book{sen1992,
  author = {Amartya Sen},
  title = {Inequality reexamined},
  year = {1992},
  publisher = {Harvard University Press},
  address = {Cambridge},
}

@Article{eec1985,
  author = {{EEC}},
  title = {On Specific Community Action to Combat Poverty},
  journal = {Official Journal of the EEC},
  year = {1985},
  volume = {2},
  number = {24},
}

@Book{panek2011,
  author = {Tomasz Panek},
  title = {Ubóstwo, wykluczenie społeczne i nierówności. Teoria i praktyka pomiaru},
  year = {2011},
  publisher = {Oficyna Wydawnicza Szkoła Główna Handlowa},
  address = {Warszawa},
}

@Book{panek2004,
  author = {Tomasz Panek and Adam Szulc},
  title = {Statystyka społeczna: wybrane zagadnienia},
  year = {2004},
  publisher = {Oficyna Wydawnicza Szkoła Główna Handlowa},
  address = {Warszawa},
}

@book{bbgd_met2011,
  title={{Metodologia badania budżetów gospodarstw domowych}},
  author={{GUS}},
  year={2011},
  publisher={Zakład Wydawnictw Statystycznych},
  note = {\url{http://stat.gov.pl/cps/rde/xbcr/gus/WZ_meto_badania_bud__gospod__dom.pdf}},
}

@book{bbgd2016,
  title={{Budżety Gospodarstw Domowych w 2015 r.}},
  author={{GUS}},
  year={2016},
  publisher={Zakład Wydawnictw Statystycznych},
  note = {\url{http://stat.gov.pl/download/gfx/portalinformacyjny/pl/defaultaktualnosci/5486/9/10/1/budzety_gospodarstw_domowych_w_2015.pdf}},
}

@book{silc2017,
  title={{Dochody i warunki życia ludności Polski (raport z badania EU-SILC 2015)}},
  author={{GUS}},
  year={2017},
  publisher={Zakład Wydawnictw Statystycznych},
  note = {\url{http://stat.gov.pl/download/gfx/portalinformacyjny/pl/defaultaktualnosci/5486/6/10/1/dochody_i_warunki_zycia_ludnosci_polski_raport_z_badania_eu-silc_2015.pdf}},
}

@misc{kurowski2002,
  author = {Piotr Kurowski},
  title = {Rola i funkcje minimum egzystencji i minimum socjalnego},
  year = {2002},
  note = {\url{https://www.ipiss.com.pl/wp-content/plugins/download-monitor/download.php?id=119}},
}

@Book{haughton2009,
  author = {Jonathan Haughton and  Shahidur R. Khandker},
  title = {{Handbook on Poverty and Inequality}},
  year = {2009},
  publisher = {The World Bank},
  address = {Washington},
}

@book{rao2015,
	title = {Small Area Estimation},
	author = {J. N. K. Rao and Isabel Molina},
	publisher = {John Wiley and Sons, Inc},
	isbn = {9781118735855},
	doi = {10.1002/9781118735855},
	year = {2015},
}

@article{fh1979,
	author = {Robert E. Fay and Roger A. Herriot},
	title = {Estimates of Income for Small Places: An Application of James-Stein Procedures to Census Data},
	journal = {Journal of the American Statistical Association},
	volume = {74},
	number = {366a},
	pages = {269-277},
	year = {1979},
	doi = {10.1080/01621459.1979.10482505},
	URL = {http://dx.doi.org/10.1080/01621459.1979.10482505},
	eprint = {http://dx.doi.org/10.1080/01621459.1979.10482505}
}

@Article{pratesi2008,
	author={Pratesi, Monica and Salvati, Nicola},
	title={Small area estimation: the EBLUP estimator based on spatially correlated random area effects},
	journal={Statistical Methods and Applications},
	year={2008},
	volume={17},
	number={1},
	pages={113--141},
	issn={1613-981X},
	doi={10.1007/s10260-007-0061-9},
	url={http://dx.doi.org/10.1007/s10260-007-0061-9},
}

@article {ell2003,
  author = {Elbers, Chris and Lanjouw, Jean O. and Lanjouw, Peter},
  title = {Micro–Level Estimation of Poverty and Inequality},
  journal = {Econometrica},
  volume = {71},
  number = {1},
  publisher = {Blackwell Publishers Ltd},
  issn = {1468-0262},
  url = {http://dx.doi.org/10.1111/1468-0262.00399},
  doi = {10.1111/1468-0262.00399},
  pages = {355--364},
  year = {2003},
}

@article {ebp2010,
  author = {Isabel Molina and J. N. K. Rao},
  title = {Small area estimation of poverty indicators},
  journal = {Canadian Journal of Statistics},
  volume = {38},
  number = {3},
  publisher = {John Wiley & Sons, Inc.},
  issn = {1708-945X},
  url = {http://dx.doi.org/10.1002/cjs.10051},
  doi = {10.1002/cjs.10051},
  pages = {369--385},
  year = {2010},
}

@article{mq2006,
 ISSN = {00063444},
 URL = {http://www.jstor.org/stable/20441279},
 author = {Ray Chambers and Nikos Tzavidis},
 journal = {Biometrika},
 number = {2},
 pages = {255-268},
 publisher = {[Oxford University Press, Biometrika Trust]},
 title = {M-Quantile Models for Small Area Estimation},
 volume = {93},
 year = {2006}
}

@ARTICLE{gonzales2008,
  title = {Analytic and bootstrap approximations of prediction errors under a multivariate Fay-Herriot model},
  author = {González-Manteiga, W. and Lombardia, M.J. and Molina, I. and Morales, D. and Santamaria, L.},
  year = {2008},
  journal = {Computational Statistics and Data Analysis},
  volume = {52},
  number = {12},
  pages = {5242-5252},
  note = {\url{http://EconPapers.repec.org/RePEc:eee:csdana:v:52:y:2008:i:12:p:5242-5252}}
}

@Manual{r2016,
  title = {R: A Language and Environment for Statistical Computing},
  author = {{R Core Team}},
  organization = {R Foundation for Statistical Computing},
  address = {Vienna, Austria},
  year = {2016},
  url = {https://www.R-project.org/},
}

@inbook {analpovdata52016,
  title = {Impact of Sampling Designs in Small Area Estimation with Applications to Poverty Measurement},
  author = {Burgard, Jan Pablo and Münnich, Ralf and Zimmermann, Thomas},
  publisher = {John Wiley and Sons, Ltd},
  isbn = {9781118814963},
  url = {http://dx.doi.org/10.1002/9781118814963.ch5},
  doi = {10.1002/9781118814963.ch5},
  pages = {83--108},
  booktitle = {Analysis of Poverty Data by Small Area Estimation},
  year = {2016},
}

@inbook {analpovdata42016,
  title = {Small Area Methods and Administrative Data Integration},
  author = {Zhang, Li-Chun and Giusti, Caterina},
  publisher = {John Wiley and Sons, Ltd},
  isbn = {9781118814963},
  url = {http://dx.doi.org/10.1002/9781118814963.ch4},
  doi = {10.1002/9781118814963.ch4},
  pages = {61--82},
  booktitle = {Analysis of Poverty Data by Small Area Estimation},
  year = {2016},
}

@Article{panek2013,
  author = {Tomasz Panek and Jan Zwierzchowski},
  title = {Porównawcza analiza sfery ubóstwa w krajach UE w ujęciu regionalnym},
  year = {2013},
  journal = {Zeszyty naukowe - Instytut Statystyki i Demografii SGH},
  number = {35},
}

@Book{panek2007,
  author = {Tomasz Panek},
  title = {Statystyka społeczna},
  year = {2007},
  publisher = {Polskie Wydawnictwo Ekonomiczne},
  address = {Warszawa},
}

@article{fgt1984,
 ISSN = {00129682, 14680262},
 URL = {http://www.jstor.org/stable/1913475},
 author = {James Foster and Joel Greer and Erik Thorbecke},
 journal = {Econometrica},
 number = {3},
 pages = {761-766},
 publisher = {[Wiley, Econometric Society]},
 title = {A Class of Decomposable Poverty Measures},
 volume = {52},
 year = {1984}
}

@manual{mpra2013,
  title={{Employment in Poland 2011 - Poverty and jobs}},
  author={Magda, Iga and Bukowski, Maciej and Buchholz, Sonia and Lewandowski, Piotr and Chrostek, Paweł and Kamińska, Agnieszka and Lis, Maciej and Potoczna, Monika and Myck, Michał and Kundera, Michał and Oczkowska, Monika},
  year={2013},
  note={\url{https://mpra.ub.uni-muenchen.de/50185/}},
}

@book{kabaj2000,
  title={{Program przeciwdziałania ubóstwu i bezrobociu}},
  author={Mieczysław Kabaj},
  year={2000},
  publisher={Insytut Pracy i Spraw Socjalnych},
}

@Article{diagnoza-panek2011,
    author = {Janusz Czapliński and Tomasz Panek},
    title = {Wykluczenie społeczne. Diagnoza Społeczna 2011 Warunki i Jakość Życia Polaków - Raport.},
    journal = {Contemporary Economics},
    year = {2011},
    volume = {5},
    number = {3},
    pages = {328--352},
    note = {\url{http://ce.vizja.pl/en/issues/volume/5/issue/3#art214}},
}

@Article{diagnoza-panek2015,
    author = {Janusz Czapliński and Tomasz Panek},
    title = {Diagnoza Społeczna 2015. Warunki i Jakość Życia Polaków - Raport.},
    journal = {Contemporary Economics},
    year = {2015},
    volume = {9},
    number = {4},
    note = {\url{http://diagnoza.com/pliki/raporty/Diagnoza_raport_2015.pdf}},
}

@book{ubostwo-gus2013,
  title={{Ubóstwo w Polsce w świetle badań GUS}},
  author={{GUS}},
  year={2013},
  publisher={Zakład Wydawnictw Statystycznych},
  note = {\url{http://stat.gov.pl/download/gfx/portalinformacyjny/pl/defaultaktualnosci/5487/1/5/7/wz_ubostwo_w_polsce_2013.pdf}},
}

@book{ubostwo-gus2015,
  title={{Ubóstwo w Polsce w latach 2013 i 2014}},
  author={{GUS}},
  year={2015},
  publisher={Zakład Wydawnictw Statystycznych},
  note = {\url{http://stat.gov.pl/download/gfx/portalinformacyjny/pl/defaultaktualnosci/5487/1/6/1/ubostwo_w_polsce_2013_i_2014.pdf}},
}

@manual{pbs2015,
  title={{Program badań statystycznych statystyki publicznej na rok 2016}},
  author={{GUS}},
  year={2015},
  note = {\url{http://bip.stat.gov.pl/download/gfx/bip/pl/defaultstronaopisowa/564/1/1/program_badan_statystycznych_statystyki_publicznej_na_rok_2016.docx}},
}

@manual{pbs2010,
  title={{Program badań statystycznych statystyki publicznej na rok 2011}},
  author={{GUS}},
  year={2010},
  note = {\url{http://stat.gov.pl/cps/rde/xbcr/bydgosz/ASSETS_BIP_pbssp2011_12.pdf}},
}

@manual{pbs2014,
  title={{Program badań statystycznych statystyki publicznej na rok 2015}},
  author={{GUS}},
  year={2015},
  note = {\url{http://bip.stat.gov.pl/download/gfx/bip/pl/defaultstronaopisowa/526/1/1/pbssp_2015.doc}},
}

@manual{rej2013,
  title={{Systemy informacyjne administracji publicznej - źródła danych dla badań statystyki publicznej}},
  author={{GUS}},
  year={2013},
  note = {\url{http://bip.stat.gov.pl/gfx/bip/userfiles/_public/bip/psp/bip_systemy_informacyjne_administracji_publicznej_2013.doc}},
}

@book{jakosc-gus2013,
  title={{Jakość życia, kapitał społeczny, ubóstwo i wykluczenie społeczne w Polsce}},
  author={{GUS}},
  year={2013},
  publisher={Zakład Wydawnictw Statystycznych, Warszawa},
  note = {\url{http://stat.gov.pl/download/cps/rde/xbcr/gus/WZ_jakosc_zycia_2013.pdf}},
}

@book{jakosc-gus2017,
  title={{Jakość życia w Polsce w 2015 roku. Wyniki badania spójności społecznej}},
  author={{GUS}},
  year={2017},
  publisher={Zakład Wydawnictw Statystycznych},
      note = {\url{http://stat.gov.pl/download/gfx/portalinformacyjny/pl/defaultaktualnosci/5486/4/2/1/jakosc_zycia_w_polsce_w_2015_roku.pdf}},
}

@misc{konstyt1997,
  author = {{Konstytucja Rzeczypospolitej Polskiej}},
  year = {1997},
  note = {Dz. U. z 1997 r. Nr 78, poz. 483},
}

@misc{saipe,
  title = {Small Area Income and Poverty Estimates Program},
  author = {Donald M. Luery},
  year = {2010},
  publisher = {U.S. Census Bureau},
  note = {\url{https://www.census.gov/did/www/saipe/publications/files/luery.pdf}},
}

@misc{ameli,
  title = {AMELI Project: Policy Recommendations and Methodological Report},
  author = {Ralf Munnich and Stefan Zins and Andreas Alfons and Christian Bruch and Peter Filzmoser and Monique Graf and Beat Hulliger and Jan-Philipp Kolb and Risto Lehtonen and Daniela Lussmann and Angelika Meraner and Mikko Myrskyla and Desislava Nedyalkova and Tobias Schoch and Matthias Templ and Maria Valaste and Ari Veijanen},
  url = {http://cordis.europa.eu/project/rcn/88428_en.html},
  publisher = {Advanced Methodology for European Laeken Indicators},
  year = {2011}
}

@misc{sample,
  title = {Final Report: Small area methods for poverty and living condition estimates},
  author = {Monica Pratesi},
  url = {http://cordis.europa.eu/result/rcn/54687_en.html},
  year = {2011},
}

@book{mapowanie2014,
  title={{Mapy ubóstwa na poziomie podregionów w Polsce z wykorzystaniem estymacji pośredniej}},
  author={{GUS}},
  year={2014},
  publisher={Prace Studialne Głównego Urzędu Statystycznego},
  note={\url{http://stat.gov.pl/download/gfx/portalinformacyjny/pl/defaultaktualnosci/5732/4/1/1/mapowanie_ubostwa_prace_studialne.pdf}}
}

@inbook {wykluczenie2006,
  title = {Analiza wskaźnikowa wykluczenia i integracji społecznej na poziomie powiatów z wykorzystaniem statystyki małych obszarów},
  author = {Gianni Betti and Achille Lemmi and Piotr Lewandowski and Laura Neri and Nicola Salvati and Agnieszka Zięba},
  publisher = {CeDeWu},
  pages = {157--201},
  booktitle = {Wykluczenie i integracja społeczna w Polsce. Ujęcie wskaźnikowe},
  year = {2006},
}

@article{raoyu1994,
 ISSN = {03195724},
 URL = {http://www.jstor.org/stable/3315407},
 author = {J. N. K. Rao and Mingyu Yu},
 journal = {The Canadian Journal of Statistics / La Revue Canadienne de Statistique},
 number = {4},
 pages = {511-528},
 publisher = {[Statistical Society of Canada, Wiley]},
 title = {Small-Area Estimation by Combining Time-Series and Cross-Sectional Data},
 volume = {22},
 year = {1994}
}

@article{faydiallo2012,
 URL = {https://www.amstat.org/sections/SRMS/Proceedings/y2012/Files/304438_73111.pdf},
 author = {R. E. Fay and M. Diallo},
 journal = {Proc. Survey Research Methods Section of the American Statistical Association},
 pages = {3742–3756},
 title = {Small Area Estimation Alternatives for the National Crime Victimization Survey},
 year = {2012}
}

@book{pomiar2015,
  title={{Pomiar ubóstwa na poziomie powiatów (LAU 1)}},
  author={Marcin Szymkowiak and Maciej Beręsewicz and Anna Bieńkuńska and Piotr Jastrzębski and Małgorzata Jaworska and Tomasz Józefowski and Tomasz Klimanek and Jacek Kowalewski and
Piotr Łysoń and Andrzej Młodak and Tomasz Panek and Tomasz Piasecki and Michał
Pietrzak and Alicja Skrzypczak and \L{}ukasz Wawrowski and Anna Włodarczyk},
  year={2015},
  publisher={Centrum Badań i Edukacji Statystycznej GUS},
  note={\url{http://stat.gov.pl/statystyka-regionalna/statystyka-dla-polityki-spojnosci/statystyka-dla-polityki-spojnosci-2013-2015/badania/dezagregacja-wskaznikow-z-obszaru-rynku-pracy-i-ubostwa/}}
}

@book{gus2003,
  title={{Raport z wyników Narodowego Spisu Powszechnego Ludności i Mieszkań 2002}},
  author={{GUS}},
  year={2003},
  publisher={Zakład Wydawnictw Statystycznych},
  note = {\url{http://stat.gov.pl/download/gfx/portalinformacyjny/pl/defaultaktualnosci/5738/3/1/1/nsp2002_raport_z_wynikow_nsp_ludnosci_i_mieszkan_2002.pdf}},
}

@book{gus2012,
  title={{Narodowy Spis Powszechny Ludności i Mieszkań 2011. Raport z wyników}},
  author={{GUS}},
  year={2012},
  publisher={Zakład Wydawnictw Statystycznych},
  note = {\url{http://stat.gov.pl/download/cps/rde/xbcr/gus/lud_raport_z_wynikow_NSP2011.pdf}},
}

@article{twitter2012,
  title={Twitter as a potential data source for statistcs},
  author={Piet J.H. Daas and Marko Roos and Mark van de Ven and Joyce Neroni},
  year={2012},
  publisher={Centraal Bureau voor de Statistiek},
}

@Article{marchetti2016,
  author="Marchetti, Stefano and Giusti, Caterina and Pratesi, Monica",
  title="The use of Twitter data to improve small area estimates of households' share of food consumption expenditure in Italy",
  journal="AStA Wirtschafts- und Sozialstatistisches Archiv",
  year="2016",
  volume="10",
  number="2",
  pages="79--93",
  issn="1863-8163",
  doi="10.1007/s11943-016-0190-4",
  url="http://dx.doi.org/10.1007/s11943-016-0190-4"
}

@article{ntl2015,
    author = {Mellander, Charlotta AND Lobo, José AND Stolarick, Kevin AND Matheson, Zara},
    journal = {PLOS ONE},
    publisher = {Public Library of Science},
    title = {Night-Time Light Data: A Good Proxy Measure for Economic Activity?},
    year = {2015},
    month = {10},
    volume = {10},
    url = {https://doi.org/10.1371/journal.pone.0139779},
    pages = {1-18},
    number = {10},
    doi = {10.1371/journal.pone.0139779}
}

@article{ntl2009,
  title = "A global poverty map derived from satellite data",
  journal = "Computers and Geosciences",
  volume = "35",
  number = "8",
  pages = "1652 - 1660",
  year = "2009",
  note = "",
  issn = "0098-3004",
  doi = "http://dx.doi.org/10.1016/j.cageo.2009.01.009",
  url = "http://www.sciencedirect.com/science/article/pii/S0098300409001253",
  author = "Christopher D. Elvidge and Paul C. Sutton and Tilottama Ghosh and Benjamin T. Tuttle and Kimberly E. Baugh and Budhendra Bhaduri and Edward Bright",
}

@Article{molina2016,
  author={María Guadarrama and Isabel Molina and J. N. K. Rao},
  title={A comparison of small area estimation methods for poverty mapping},
  journal={STATISTICS IN TRANSITION new series and SURVEY METHODOLOGY. Joint Issue: Small Area Estimation 2014},
  year={2016},
  volume={17},
  number={1},
  pages={41--66},
}

@article{ht1952,
  author = { D. G.   Horvitz  and  D. J.   Thompson },
  title = {A Generalization of Sampling Without Replacement from a Finite Universe},
  journal = {Journal of the American Statistical Association},
  volume = {47},
  number = {260},
  pages = {663-685},
  year = {1952},
  doi = {10.1080/01621459.1952.10483446},
  URL = {http://www.tandfonline.com/doi/abs/10.1080/01621459.1952.10483446},
}

@book{dezagregacja2015,
  title={{Dezagregacja wskaźników strategii Europa 2020 na poziom NTS 2 z zakresu pomiaru ubóstwa i wykluczenia społecznego}},
  author={{GUS}},
  year={2015},
  publisher={Praca Badawcza --- Statystyka dla polityki spójności},
  note={\url{http://stat.gov.pl/download/gfx/portalinformacyjny/pl/defaultstronaopisowa/5803/1/1/raport_metodologiczny__.pdf}}
}

@article{silc2011,
  title={{Description of target variables: cross-sectional and longitudinal}},
  author={Eurostat},
  year={2011},
  publisher={European Commission, Eurostat},
  note={\url{https://circabc.europa.eu/sd/a/1ad4dc02-7695-4765-b6db-c609acb1a162/SILC065%20operation%202011%20VERSION%20MAY%202011.pdf}}
}

@article{iacovou2012,
  title={{Using EU-SILC data for cross-national analysis: strengths, problems and recommendations}},
  author={Maria Iacovou and Olena Kaminska and Horacio Levy},
  year={2012},
  publisher={Institute for Social and Economic Research, Essex University},
  note={\url{https://www.iser.essex.ac.uk/research/publications/working-papers/iser/2012-03.pdf}}
}

@article{ciani2011,
  title={{From SHIW to IT-SILC: construction and representativeness of the new CAPPDYN first-year population}},
  author={Emanuele Ciani and Donatella Fresu},
  year={2011},
  publisher={Centro di Analisi delle Politiche Pubbliche},
  note={\url{http://web-capp.economia.unimo.it/pubbl/cappapers/Capp_p92.pdf}}
}

@article{brandolini2010,
  title={{The distribution of employees’ labour earnings in the EU: data, concepts and first results}},
  author={Andrea Brandolini and Alfonso Rosolia and Roberto Torrini},
  year={2011},
  publisher={European Commission, Eurostat},
  note={\url{http://www.ecineq.org/milano/WP/ECINEQ2011-198.pdf}}
}

@book{lehtonen2004,
  title={Practical Methods for Design and Analysis of Complex Surveys},
  author={Lehtonen, R. and Pahkinen, E.},
  isbn={9780470847695},
  lccn={94020917},
  series={Statistics in Practice},
  url={https://books.google.pl/books?id=Xb-m5Xg74F4C},
  year={2004},
  publisher={Wiley}
} 

@Article{lme42015,
  title = {Fitting Linear Mixed-Effects Models Using {lme4}},
  author = {Douglas Bates and Martin M{\"a}chler and Ben Bolker and Steve Walker},
  journal = {Journal of Statistical Software},
  year = {2015},
  volume = {67},
  number = {1},
  pages = {1--48},
  doi = {10.18637/jss.v067.i01},
}

@Manual{fwdselect2015,
    title = {FWDselect: Selecting Variables in Regression Models},
    author = {Marta Sestelo and Nora {M. Villanueva} and Javier Roca-Pardinas},
    year = {2015},
    note = {R package version 2.1.0},
    url = {https://CRAN.R-project.org/package=FWDselect},
}

@Manual{caic2014,
  title = {cAIC4: Conditional Akaike information criterion for lme4},
  author = {Benjamin Saefken and David Ruegamer and with contributions from Sonja Greven and Thomas Kneib},
  year = {2014},
  note = {R package version 0.2},
  url = {https://CRAN.R-project.org/package=cAIC4},
} 

@Manual{survey2016,
  title = {Survey: analysis of complex survey samples},
  author = {Lumley, T.},
  year = {2016},
  note = {R package version 3.31-5},
  url = {https://CRAN.R-project.org/package=survey},
} 

@Article{molina-marhuenda2015,
    author = {Isabel Molina and Yolanda Marhuenda},
    title = {{sae}: An {R} Package for Small Area Estimation},
    journal = {The R Journal},
    year = {2015},
    volume = {7},
    number = {1},
    pages = {81--98},
    month = {jun},
    url = {http://journal.r-project.org/archive/2015-1/molina-marhuenda.pdf},
}

@Manual{caret2016,
    title = {caret: Classification and Regression Training},
    author = {Max Kuhn and Steve Weston and Andre Williams and Chris Keefer and Allan Engelhardt and Tony Cooper and Zachary Mayer and Brenton Kenkel and {R Core Team} and Michael Benesty and Reynald Lescarbeau and Andrew Ziem and Luca Scrucca and Yuan Tang and Can Candan and Tyler Hunt.},
    year = {2016},
    note = {R package version 6.0-73},
    url = {https://CRAN.R-project.org/package=caret},
  }
  
@book{hryniewska2010,
  title={{A}naliza danych zebranych {w~systemie} informatycznym {POMOST} za 2008 rok},
  author={A Hryniewicka and J Herbst},
  publisher={Instytut Rozwoju Służb Społecznych, Warszawa},
  year={2010},
  note={\url{http://irss.pl/wp-content/uploads/2011/06/analizadanychSIPOMOST2008.pdf}}
}

@article{KB78,
  title={{R}egression {Q}uantiles},
  author={Koenker, R. and Bassett, G.},
  journal={Econometrica},
  volume={46},
  pages={33-50},
  year={1978},
}

@article{KD87,
  title={{C}omputing {R}egression {Q}uantiles},
  author={Koenker, R. and D’orey, V.},
  journal={Journal of the {R}oyal {S}tatistical {S}ociety, {S}eries {C}: {A}pplied {S}tatistics},
  volume={36},
  pages={383--389},
  year={1987},
}

@article{TZ10,
  title={{R}obust {E}stimation of {S}mall {A}rea {M}eans and {Q}uantiles},
  author={Tzavidis, N. and Marchetti, S. and Chambers, R.},
  journal={Australian and {N}ew {Z}ealand {J}ournal of {S}tatistics},
  volume={52},
  pages={167--186},
  year={2010},
}

@article{TB10,
  title={{U}sing {M}-{Q}uantile {M}odels {as~an~Alternative} to {R}andom {E}ffects to {M}odel the {C}ontextual {V}alue-{A}dded {of~Schools} in {L}ondon},
  author={Tzavidis, N. and Brown, J. J.},
  journal={{D}epartment of {Q}uantitative {S}ocial {S}cience, {I}nstitute of {E}ducation, {U}niversity of {L}ondon, {UK}, {DoQSS} {W}orking {P}aper {N}o. 10-11},
  year={2010},
}

@article{brown2001,
  title={Evaluation of small area estimation methods - An application to unemployment estimates from the UK LFS},
  author={Brown, G. and Chambers, R. and Heady, P. and Heasman, D.},
  journal={Proceedings of Statistics Canada Symposium 2001: Achieving
Data Quality in a Statistical Agency: A Methodological Perspective},
	publisher = {Statistics Canada},
  year={2001},
}

@Manual{classint2015,
    title = {classInt: Choose Univariate Class Intervals},
    author = {Roger Bivand},
    year = {2015},
    note = {R package version 0.1-23},
    url = {https://CRAN.R-project.org/package=classInt},
}
  
@article{atkinson2003,
	author = {Atkinson, A. B.},
	title = {Income Inequality in OECD Countries: Data and 	Explanations},
	journal = {CESifo Economic Studies},
	volume = {49},
	number = {4},
	pages = {479},
	year = {2003},
	doi = {10.1093/cesifo/49.4.479},
	URL = {http://dx.doi.org/10.1093/cesifo/49.4.479},
	eprint = {/oup/backfile/content_public/journal/cesifo/49/4/10.1093_cesifo_49.4.479/3/cesifo_49_4_479.pdf}
}

@book{barr2016,
	author = {Nicholas Barr},
    title = {Ekonomia polityki społecznej},
    year = {2016},
    publisher = {Wydawnictwo Uniwersytetu Ekonomicznego w~Poznaniu},
}

@article{szymkowiak2014,
	author = {Marcin Szymkowiak},
    title = {Estymatory kalibracyjne stosowane w Narodowym Spisie Powszechnym w 2011 r.},
    journal = {Wiadomości Statystyczne},
    year = {2014},
    number = {11},
    pages = {1--16},    
}

@article{elazar2004,
  title={Small area estimation of disability in Australia},
  author={Elazar, D and Conn, L},
  journal={Statistics in Transition},
  volume={6},
  number={5},
  pages={667--684},
  year={2004}
}

@book{golata2004,
	author = {Elżbieta Gołata},
    title = {Estymacja pośrednia bezrobocia na lokalnym rynku pracy},
    year = {2004},
    publisher = {Wydawnictwo Uniwersytetu Ekonomicznego w Poznaniu},
}

@book{dehnel2010,
	author = {Grażyna Dehnel},
    title = {Rozwój mikroprzedsiębiorczości w Polsce w świetle estymacji dla małych domen},
    year = {2010},
    publisher = {Wydawnictwo Uniwersytetu Ekonomicznego w Poznaniu},
}

@article{walesiak1997,
  title={Wykorzystanie analizy czynnikowej w badaniach marketingowych},
  author={Marek Walesiak and Andrzej Bąk},
  journal={Badania Operacyjne i Decyzje},
  volume={1},
  pages={75--87},
  year={1997},
  note = {\url{http://keii.ue.wroc.pl/pracownicy/mw/1997_Walesiak_Bak_Badania_Operacyjne_i_Decyzje_nr_1.pdf}}
}

@article{roszka2012,
  title={{S}ystem statystyki publicznej oparty na zintegrowanych źródłach danych},
  author={Wojciech Roszka},
  journal={Przegląd Statystyczny},
  number={numer specjalny 2},
  pages={205--221},
  year={2012},
  note={\url{http://keii.ue.wroc.pl/przeglad/Rok%202012/Zeszyt%20Specjalny%202/2012_spec_2_205-221.pdf}}
}

@article{beresewicz2015,
  title={Big Data w statystyce publicznej - nadzieje, osiągniecia, wyzwania i zagrożenia},
  author={Maciej Beręsewicz and Marcin Szymkowiak},
  journal={Ekonometria},
  number={2},
  vol={48},
  pages={9--22},
  year={2015},
  note={\url{http://www.dbc.wroc.pl/Content/30687/Beresewicz_Big_Data_w_Statystyce_Publicznej_Nadzieje_2015.pdf}}
}

@book{huber1981,
	title = {Robust Statistics},
	author = {Huber, P. J.},
	publisher = {Wiley},
	year = {1981},
}

@article{lombardia2004,
  author = {M. J. Lombardía and  W. González-Manteiga and  J. M. Prada-Sánchez},
  title = {Bootstrapping the Dorfman–Hall–Chambers–Dunstan estimator of a finite population distribution function},
  journal = {Journal of Nonparametric Statistics},
  volume = {16},
  number = {1-2},
  pages = {63-90},
  year = {2004},
  doi = {10.1080/10485250310001622604},
  URL = {http://dx.doi.org/10.1080/10485250310001622604},
  eprint = {http://dx.doi.org/10.1080/10485250310001622604}
}

@inbook {povsocecl152014,
  title = {Outlier robust semi-parametric small area methods for poverty estimation},
  author = {Nikos Tzavidis and Stefano Marchetti and Steve Donbavand},
  publisher = {Routledge},
  pages = {283--300},
  booktitle = {Poverty and Social Exclusion. New methods of analysis},
  year = {2014},
}

@book{wolter2007,
	title = {Introduction to variance estimation},
	author = {Kirk Wolter},
	publisher = {Springer},
	year = {2007},
}

@book{fratczak2012,
	title = {Zaawansowane metody analiz statystycznych},
	author = {Ewa Frątczak},
	publisher = {Oficyna Wydawnicza Szkoła Główna Handlowa w Warszawie},
	year = {2012},
}

@book{zadlo2015,
	title = {Statystyka małych obszarów w badaniach ekonomicznych. Podejście modelowe i mieszane},
	author = {Tomasz Żądło},
	publisher = {Wydawnictwo Uniwersytetu Ekonomicznego w Katowicach},
	year = {2015},
}

@article{wawrowski2016,
	author = {Wawrowski, \L{}.},
    title = {{The Spatial Fay-Herriot Model in Poverty Estimation}},
    journal = {Folia Oeconomica Stetinensia},
    year = {2016},
    number = {16},
    volume = {2},
    pages = {191--202},    
}

@article{wawrowski2014,
	author = {Wawrowski, \L{}.},
    title = {Wykorzystanie metod statystyki małych obszarów do tworzenia map ubóstwa w Polsce},
    journal = {Wiadomości Statystyczne},
    year = {2014},
    number = {9},
    pages = {46--56},    
}

@Book{simler2007,
  author = {Tara Bedi and Kenneth Simler and Aline Coudouel},
  title = {More Than a Pretty Picture : Using Poverty Maps to Design Better Policies and Interventions},
  year = {2007},
  publisher = {The World Bank},
  address = {Washington, DC},
  note = {\url{https://openknowledge.worldbank.org/handle/10986/6800}}
}

@article{mlodak2016,
	author = {Andrzej Młodak and \L{}ukasz Wawrowski and Tomasz Józefowski},
    title = {Zastosowanie metod taksonomicznych w estymacji wskaźników ubóstwa},
    journal = {Wiadomości Statystyczne},
    year = {2016},
    number = {2},
    pages = {1--24},    
}

@Book{walesiak2011,
  author = {Marek Walesiak},
  title = {Uogólniona miara odległości GDM w statystycznej analizie wielowymiarowej z wykorzystaniem programu R},
  year = {2011},
  publisher = {Wydawnictwo Uniwersytetu Ekonomicznego we Wrocławiu},
  address = {Wrocław},
}

@Manual{clustersim2017,
    title = {clusterSim: Searching for Optimal Clustering Procedure for a Data Set},
    author = {Marek Walesiak and Andrzej Dudek},
    year = {2017},
    note = {R package version 0.45-2},
    url = {https://CRAN.R-project.org/package=clusterSim},
}
  
@Inbook{Jajuga2003,
  author="Jajuga, K.
  and Walesiak, M.
  and Bak, A.",
  editor="Schwaiger, Manfred
  and Opitz, Otto",
  title="On The General Distance Measure",
  bookTitle="Exploratory Data Analysis in Empirical Research: Proceedings of the 25th Annual Conference of the Gesellschaft f{\"u}r Klassifikation e.V., University of Munich, March 14--16, 2001",
  year="2003",
  publisher="Springer Berlin Heidelberg",
  address="Berlin, Heidelberg",
  pages="104--109",
  isbn="978-3-642-55721-7",
  doi="10.1007/978-3-642-55721-7_12",
  url="http://dx.doi.org/10.1007/978-3-642-55721-7_12"
}

@article{laaksonen2006,
	author = {Seppo Laaksonen and Ray Chambers},
    title = {Survey Estimation Under Informative Nonresponse with Follow-up},
    journal = {Journal of Official Statistics},
    year = {2006},
    volume = {22},
    number = {1},
    pages = {81–-95},  
}

@article{panek2010,
	author = {Tomasz Panek},
    title = {Multidimensional Approach to Poverty Measurement: Fuzzy Measures of the Incidence and the Depth of Poverty},
    journal = {Statistics in Transition},
    year = {2010},
    volume = {11},
    number = {2},
    pages = {361--380},  
}

@article{pfeffermann2007,
 ISSN = {01621459},
 URL = {http://www.jstor.org/stable/27639992},
 author = {Danny Pfeffermann and Michail Sverchkov},
 journal = {Journal of the American Statistical Association},
 number = {480},
 pages = {1427-1439},
 publisher = {[American Statistical Association, Taylor & Francis, Ltd.]},
 title = {Small-Area Estimation under Informative Probability Sampling of Areas and within the Selected Areas},
 volume = {102},
 year = {2007}
} 

@article{jrsssa,
	author = {Beręsewicz, M. and Marchetti, S. and Salvati, N. and Szymkowiak, M. and Wawrowski, \L{}},
    title = {The use of a three level M-quantile model to map poverty at LAU 1 in Poland},
    journal = {Journal of the Royal Statistical Society Series A},
    note = {(w druku)},
    year = {2018}
}

@article{roszka2015,
	author = {Wojciech Roszka},
    title = {Konstrukcja syntetycznych zbiorów danych na potrzeby estymacji dla małych domen},
    journal = {Prace Naukowe Uniwersytetu Ekonomicznego (AE) we Wrocławiu},
    year = {2015},
    pages = {254--261},
    number = {384},
}

@Inbook{Sakshaug2010,
  author="Sakshaug, Joseph W.
  and Raghunathan, Trivellore E.",
  editor="Domingo-Ferrer, Josep
  and Magkos, Emmanouil",
  title="Synthetic Data for Small Area Estimation",
  bookTitle="Privacy in Statistical Databases: UNESCO Chair in Data Privacy, International Conference, PSD 2010, Corfu, Greece, September 22-24, 2010. Proceedings",
  year="2010",
  publisher="Springer Berlin Heidelberg",
  address="Berlin, Heidelberg",
  pages="162--173",
  isbn="978-3-642-15838-4",
  doi="10.1007/978-3-642-15838-4_15",
  url="http://dx.doi.org/10.1007/978-3-642-15838-4_15"
}

@article{dehnel2017,
	author = {Grażyna Dehnel and Michał Pietrzak and \L{}ukasz Wawrowski},
    title = {Estymacja przychodu przedsiębiorstw na podstawie modelu Faya-Herriota},
    journal = {Przegląd Statystyczny},
    year = {2017},
    number = {1},
    volume = {64},
    pages = {79--94},    
}

@article{wilak2014,
	author = {Kamil Wilak},
    title = {Strukturalne modele szeregów czasowych w estymacji stopy bezrobocia w dezagregacji na województwa, płeć i wiek},
    journal = {Przegląd Statystyczny},
    year = {2014},
    number = {4},
    volume = {61},
    pages = {409--431},    
}

@Book{bracha1996,
  author = {Czesław Bracha},
  title = {Teoretyczne podstawy metody reprezentacyjnej},
  year = {1996},
  publisher = {PWN},
  address = {Warszawa},
}

@Article{chakraborty2016,
  author={Adrijo Chakraborty and Gauri Sankar Datta and Abhyuday Mandal},
  title={A two-component normal mixture alternative to the Fay-Herriot model},
  journal={STATISTICS IN TRANSITION new series and SURVEY METHODOLOGY. Joint Issue: Small Area Estimation 2014},
  year={2016},
  volume={17},
  number={1},
  pages={67--90},
}

@Manual{fenton2013,
    title = {Small-area measures of income poverty },
    author = {Alex Fenton},
    year = {2013},
    note = {Social Policy in a Cold Climate --- Working Paper 1},
    url = {http://sticerd.lse.ac.uk/dps/case/spcc/wp01.pdf},
}
  
@article{panek2009,
	author = {Tomasz Panek},
    title = {Wskaźniki ubóstwa w ujęciu wielowymiarowym},
    journal = {Wiadomości statystyczne},
    year = {2009},
    volume = {12},
    pages = {1--19},  
}

@article{verret2015,
  title={Model-based small area estimation under informative sampling},
  author={Verret, Fran{\c{c}}ois and Rao, JNK and Hidiroglou, Michael A},
  journal={Survey Methodology},
  volume={41},
  pages={333--347},
  year={2015}
}

@Manual{simpop2017,
    title = {simPop: Simulation of Synthetic Populations for Survey Data Considering
Auxiliary Information},
    author = {Bernhard Meindl and Matthias Templ and Andreas Alfons and Alexander Kowarik and and with contributions from Mathieu Ribatet},
    year = {2017},
    note = {R package version 0.6.0},
    url = {https://CRAN.R-project.org/package=simPop},
}
  
@article{lee2009,
  title={Generating synthetic microdata from published marginal tables and confidentialised files},
  author={Lee, Alan},
  year={2009},
  publisher={Statistics New Zealand}
}

@article{esteban2012,
  title={Small area estimation of poverty proportions under area-level time models},
  author={Esteban, Mar{\'\i}a Dolores and Morales, Domingo and P{\'e}rez, A and Santamar{\'\i}a, Laureano},
  journal={Computational Statistics \& Data Analysis},
  volume={56},
  number={10},
  pages={2840--2855},
  year={2012},
  publisher={Elsevier}
}

@article{marhuenda2013,
  title={Small area estimation with spatio-temporal Fay--Herriot models},
  author={Marhuenda, Yolanda and Molina, Isabel and Morales, Domingo},
  journal={Computational Statistics \& Data Analysis},
  volume={58},
  pages={308--325},
  year={2013},
  publisher={Elsevier}
}

@article{kubacki2016,
  title={Small Area Estimation of Income Under Spatial SAR Model},
  author={Kubacki, Jan and J{\k{e}}drzejczak, Alina},
  journal={Statistics in Transition new series},
  volume={3},
  number={17},
  pages={365--390},
  year={2016}
}

@article{marchetti2015,
  title={Small area model-based estimators using big data sources},
  author={Marchetti, Stefano and Giusti, Caterina and Pratesi, Monica and Salvati, Nicola and Giannotti, Fosca and Pedreschi, Dino and Rinzivillo, Salvatore and Pappalardo, Luca and Gabrielli, Lorenzo},
  journal={Journal of Official Statistics},
  volume={31},
  number={2},
  pages={263},
  year={2015},
  publisher={Statistics Sweden (SCB)}
}

@misc{brakel2017,
  author = {Brakel, J. and Daas, P. and Buelens, B.},
  title = {Social media as a data source for official statistics; the Dutch Consumer Confidence Index},
  year = {2017},
  note = {\url{http://sae2017.ensai.fr/presentation/social-media-data-source-official-statistics-dutch-consumer-confidence-index-2/}},
}

@techreport{rao2016,
  title={Small area estimation of general parameters under complex sampling designs},
  author={Rao, J. N. K. and Molina, Isabel and Guadarrama, Mar{\'\i}a},
  year={2016},
  institution={Universidad Carlos III de Madrid. Departamento de Estad{\'\i}stica}
}

@article{ke2010,
  title={Europa 2020. Strategia na rzecz inteligentnego i zr{\'o}wnowa{\.z}onego rozwoju sprzyjaj{\k{a}}cego w{\l}{\k{a}}czeniu spo{\l}ecznemu},
  author={{Komisja Europejska}},
  journal={Bruksela},
  year={2010}
}

@misc{mr2011,
  title={Krajowy Program Reform Europa 2020},
  author={{Ministerstwo Rozwoju}},
  year={2011},
  note={\url{https://www.mr.gov.pl/strony/zadania/polityka-rozwoju-kraju/strategia-europa-2020/krajowy-program-reform/}}
}

@misc{mr2015,
  title={Krajowy Program Reform na rzecz realizacji strategii „Europa 2020”. Aktualizacja 2015/2016},
  author={{Ministerstwo Rozwoju}},
  year={2015},
  note={\url{https://www.mr.gov.pl/strony/zadania/polityka-rozwoju-kraju/strategia-europa-2020/krajowy-program-reform/}}
}

@article{torabi2008,
  title={Small area estimation under a two-level model},
  author={Torabi, Mahmoud and Rao, JNK},
  journal={Survey Methodology},
  volume={34},
  number={1},
  pages={11},
  year={2008}
}

@article{boonstra2011,
    title = {Model-based estimation},
    author = {Harm Jan Boonstra and Bart Buelens},
    year = {2011},
    note = {Statistics Netherlands},
}
  
@article{prasad1990,
  title={The estimation of the mean squared error of small-area estimators},
  author={Prasad, N and Rao, J. N. K. },
  journal={Journal of the American statistical association},
  volume={85},
  number={409},
  pages={163--171},
  year={1990},
  publisher={Taylor \& Francis}
}

@article{singh2005,
  title={Spatio-temporal models in small area estimation},
  author={Singh, Bharat Bhushan and Shukla, Girja Kant and Kundu, Debasis},
  journal={Survey Methodology},
  volume={31},
  number={2},
  pages={183},
  year={2005}
}

@book{koenker2005,
  title={Quantile regression},
  author={Koenker, Roger},
  number={38},
  year={2005},
  publisher={Cambridge university press}
}

@article{marchetti2012,
  title={Non-parametric bootstrap mean squared error estimation for M-quantile estimators of small area averages, quantiles and poverty indicators},
  author={Marchetti, Stefano and Tzavidis, Nikos and Pratesi, Monica},
  journal={Computational Statistics \& Data Analysis},
  volume={56},
  number={10},
  pages={2889--2902},
  year={2012},
  publisher={Elsevier}
}

@article{tzavidis2008,
  title={M-quantile models with application to poverty mapping},
  author={Tzavidis, Nikos and Salvati, Nicola and Pratesi, Monica and Chambers, Ray},
  journal={Statistical Methods \& Applications},
  volume={17},
  number={3},
  pages={393--411},
  year={2008},
  publisher={Springer}
}

@book{davison1997,
  title={Bootstrap methods and their application},
  author={Davison, Anthony Christopher and Hinkley, David Victor},
  year={1997},
  publisher={Cambridge university press}
}

@article{hall2006,
  title={On parametric bootstrap methods for small area prediction},
  author={Hall, Peter and Maiti, Tapabrata},
  journal={Journal of the Royal Statistical Society: Series B (Statistical Methodology)},
  volume={68},
  number={2},
  pages={221--238},
  year={2006},
  publisher={Wiley Online Library}
}

@article{molina2007,
  title={Small area estimates of labour force participation under a multinomial logit mixed model},
  author={Molina, Isabel and Saei, Ayoub and Jos{\'e} Lombard{\'\i}a, M},
  journal={Journal of the Royal Statistical Society: Series A (Statistics in Society)},
  volume={170},
  number={4},
  pages={975--1000},
  year={2007},
  publisher={Wiley Online Library}
}

@article{chandra2012,
  author = {Hukum Chandra  and  Ray Chambers  and  Nicola Salvati},
  title = {Small area estimation of proportions in business surveys},
  journal = {Journal of Statistical Computation and Simulation},
  volume = {82},
  number = {6},
  pages = {783-795},
  year = {2012},
  doi = {10.1080/00949655.2011.554834},
}

@techreport{pratesi2007,
  title={Bootstrap for estimating the mean squared error of the spatial EBLUP},
  author={Pratesi, Monica and Salvati, Nicola and Molina, Isabel},
  year={2007},
  institution={Universidad Carlos III de Madrid. Departamento de Estad{\'\i}stica}
}